<?xml version="1.0" encoding="UTF-8"?><collection xmlns="http://www.loc.gov/MARC21/slim"><record><leader>00346nam--2200145-i-4500</leader><controlfield tag="001">000002135</controlfield><controlfield tag="002">20161230</controlfield><controlfield tag="005">20161230201024</controlfield><controlfield tag="008">060222s1000------------r-----000-0-eng-d</controlfield><datafield ind1=" " ind2=" " tag="080"><subfield code="a">84</subfield></datafield><datafield ind1=" " ind2=" " tag="245"><subfield code="a">Frequency modulation</subfield></datafield><datafield ind1=" " ind2=" " tag="260"><subfield code="a">New York, John F.Rider. 1955. V + 46 P</subfield></datafield><datafield ind1=" " ind2=" " tag="490"><subfield code="a">Review Series</subfield></datafield><datafield ind1=" " ind2=" " tag="700"><subfield code="a">Schure, Alexander</subfield></datafield><datafield ind1=" " ind2=" " tag="852"><subfield code="a">12837</subfield></datafield></record></collection>